<collection xmlns="http://www.loc.gov/MARC21/slim">
   <record>
      <leader>02222cam a2200409Ma 45 0</leader>
      <controlfield tag="001">6748825</controlfield>
      <controlfield tag="003">OCoLC</controlfield>
      <controlfield tag="005">20141202103152.0</controlfield>
      <controlfield tag="008">131029s2015    ctuab         001 0 eng d</controlfield>
      <datafield ind1=" " ind2=" " tag="015">
         <subfield code="a">GBB3A6142</subfield>
         <subfield code="2">bnb</subfield>
      </datafield>
      <datafield ind1="7" ind2=" " tag="016">
         <subfield code="a">016547754</subfield>
         <subfield code="2">Uk</subfield>
      </datafield>
      <datafield ind1=" " ind2=" " tag="020">
         <subfield code="a">9781285733418 (pbk.)</subfield>
      </datafield>
      <datafield ind1=" " ind2=" " tag="020">
         <subfield code="a">128573341X (pbk.)</subfield>
      </datafield>
      <datafield ind1=" " ind2=" " tag="035">
         <subfield code="a">ocn897462080</subfield>
      </datafield>
      <datafield ind1=" " ind2=" " tag="040">
         <subfield code="a">UKMGB</subfield>
         <subfield code="b">eng</subfield>
         <subfield code="c">UKMGB</subfield>
         <subfield code="d">OCLCO</subfield>
         <subfield code="d">YDXCP</subfield>
         <subfield code="d">BTCTA</subfield>
         <subfield code="d">OCLCF</subfield>
         <subfield code="d">UAB</subfield>
      </datafield>
      <datafield ind1=" " ind2="4" tag="050">
         <subfield code="a">QE28</subfield>
         <subfield code="b">.M686 2015</subfield>
      </datafield>
      <datafield ind1="0" ind2="4" tag="082">
         <subfield code="a">550</subfield>
         <subfield code="2">23</subfield>
      </datafield>
      <datafield ind1=" " ind2=" " tag="090">
         <subfield code="a">QE 28 M66 2015</subfield>
         <subfield code="b">AEU</subfield>
      </datafield>
      <datafield ind1="1" ind2=" " tag="100">
         <subfield code="a">Monroe, James S.</subfield>
         <subfield code="q">(James Stewart),</subfield>
         <subfield code="d">1938-</subfield>
         <subfield code="e">author.</subfield>
         <subfield code="0">http://id.loc.gov/authorities/names/n85311536</subfield>
         <subfield code="0">http://viaf.org/viaf/85823670</subfield>
      </datafield>
      <datafield ind1="1" ind2="4" tag="245">
         <subfield code="a">The changing earth :</subfield>
         <subfield code="b">exploring geology and evolution /</subfield>
         <subfield code="c">James S. Monroe, Reed Wicander.</subfield>
      </datafield>
      <datafield ind1=" " ind2=" " tag="250">
         <subfield code="a">7th edition.</subfield>
      </datafield>
      <datafield ind1=" " ind2="1" tag="264">
         <subfield code="a">Stamford, CT :</subfield>
         <subfield code="b">Cengage Learning,</subfield>
         <subfield code="c">c2015.</subfield>
      </datafield>
      <datafield ind1=" " ind2=" " tag="300">
         <subfield code="a">xvii, 712 pages :</subfield>
         <subfield code="b">color illustrations, color maps ;</subfield>
         <subfield code="c">28 cm</subfield>
      </datafield>
      <datafield ind1=" " ind2=" " tag="336">
         <subfield code="a">text</subfield>
         <subfield code="2">rdacontent</subfield>
         <subfield code="0">http://id.loc.gov/vocabulary/contentTypes/txt</subfield>
      </datafield>
      <datafield ind1=" " ind2=" " tag="337">
         <subfield code="a">unmediated</subfield>
         <subfield code="2">rdamedia</subfield>
         <subfield code="0">http://id.loc.gov/vocabulary/mediaTypes/n</subfield>
      </datafield>
      <datafield ind1=" " ind2=" " tag="338">
         <subfield code="a">volume</subfield>
         <subfield code="2">rdacarrier</subfield>
         <subfield code="0">http://id.loc.gov/vocabulary/carriers/nc</subfield>
      </datafield>
      <datafield ind1=" " ind2=" " tag="500">
         <subfield code="a">Includes index.</subfield>
      </datafield>
      <datafield ind1=" " ind2=" " tag="596">
         <subfield code="a">48</subfield>
      </datafield>
      <datafield ind1=" " ind2="0" tag="650">
         <subfield code="a">Geology.</subfield>
         <subfield code="0">http://id.loc.gov/authorities/subjects/sh85054037</subfield>
      </datafield>
      <datafield ind1=" " ind2="0" tag="650">
         <subfield code="a">Evolutionary paleobiology.</subfield>
         <subfield code="0">http://id.loc.gov/authorities/subjects/sh90005335</subfield>
      </datafield>
      <datafield ind1="1" ind2=" " tag="700">
         <subfield code="a">Wicander, Reed,</subfield>
         <subfield code="d">1946-</subfield>
         <subfield code="0">http://id.loc.gov/authorities/names/n82148285</subfield>
         <subfield code="0">http://viaf.org/viaf/91415832</subfield>
      </datafield>
      <datafield ind1=" " ind2=" " tag="758">
         <subfield code="0">http://worldcat.org/entity/work/id/2070151178</subfield>
      </datafield>
      <datafield ind1="0" ind2=" " tag="787">
         <subfield code="n">OCLC Work Id</subfield>
         <subfield code="o">http://worldcat.org/entity/work/id/2070151178</subfield>
      </datafield>
      <datafield ind1=" " ind2=" " tag="926">
         <subfield code="a">QE 28 M66 2015</subfield>
         <subfield code="w">LC</subfield>
         <subfield code="c">1</subfield>
         <subfield code="i">0162034597326</subfield>
         <subfield code="d">4/3/2017</subfield>
         <subfield code="e">4/3/2017</subfield>
         <subfield code="k">RESERVES</subfield>
         <subfield code="l">ON_SHELF</subfield>
         <subfield code="m">UASCITECH</subfield>
         <subfield code="n">109</subfield>
         <subfield code="p">$150.00</subfield>
         <subfield code="r">Y</subfield>
         <subfield code="s">Y</subfield>
         <subfield code="t">SHORT_LOAN</subfield>
         <subfield code="u">12/2/2014</subfield>
         <subfield code="0">TEXTBOOK</subfield>
      </datafield>
      <datafield ind1=" " ind2=" " tag="926">
         <subfield code="a">QE 28 M66 2015</subfield>
         <subfield code="w">LC</subfield>
         <subfield code="c">2</subfield>
         <subfield code="i">0162033615236</subfield>
         <subfield code="d">4/2/2017</subfield>
         <subfield code="e">4/2/2017</subfield>
         <subfield code="k">RESERVES</subfield>
         <subfield code="l">ON_SHELF</subfield>
         <subfield code="m">UASCITECH</subfield>
         <subfield code="n">106</subfield>
         <subfield code="p">$150.00</subfield>
         <subfield code="r">Y</subfield>
         <subfield code="s">Y</subfield>
         <subfield code="t">SHORT_LOAN</subfield>
         <subfield code="u">1/2/2015</subfield>
         <subfield code="0">TEXTBOOK</subfield>
      </datafield>
      <datafield ind1=" " ind2=" " tag="926">
         <subfield code="a">QE 28 M66 2015</subfield>
         <subfield code="w">LC</subfield>
         <subfield code="c">3</subfield>
         <subfield code="i">0162033696087</subfield>
         <subfield code="d">3/13/2017</subfield>
         <subfield code="e">3/13/2017</subfield>
         <subfield code="k">RESERVES</subfield>
         <subfield code="l">ON_SHELF</subfield>
         <subfield code="m">UASCITECH</subfield>
         <subfield code="n">88</subfield>
         <subfield code="p">$150.00</subfield>
         <subfield code="r">Y</subfield>
         <subfield code="s">Y</subfield>
         <subfield code="t">SHORT_LOAN</subfield>
         <subfield code="u">9/15/2015</subfield>
         <subfield code="0">TEXTBOOK</subfield>
      </datafield>
      <datafield ind1=" " ind2=" " tag="926">
         <subfield code="a">QE 28 M66 2015</subfield>
         <subfield code="w">LC</subfield>
         <subfield code="c">4</subfield>
         <subfield code="i">0162033696020</subfield>
         <subfield code="d">3/27/2017</subfield>
         <subfield code="e">3/27/2017</subfield>
         <subfield code="k">RESERVES</subfield>
         <subfield code="l">ON_SHELF</subfield>
         <subfield code="m">UASCITECH</subfield>
         <subfield code="n">88</subfield>
         <subfield code="p">$150.00</subfield>
         <subfield code="r">Y</subfield>
         <subfield code="s">Y</subfield>
         <subfield code="t">SHORT_LOAN</subfield>
         <subfield code="u">9/15/2015</subfield>
         <subfield code="0">TEXTBOOK</subfield>
      </datafield>
   </record>
</collection>
